@article{KR90,
 author = {Karp, Richard M. and Ramachandran, Vijaya},
 title = {A Survey of Parallel Algorithm for Shared-Memory Machines},
 journal = {Handbook in Theoretical Computer Science},
 year = {1990},
 pages = {35--57},
 numpages = {23},
 url = {http://digitalassets.lib.berkeley.edu/techreports/ucb/text/CSD-88-408.pdf},
 publisher = {MIT Press},
 address = {Cambridge, MA, USA},
} 
