%This reference is an example.

@article{P83,
 author = {Paul, H. and Vishkin, U. and Wagener, H.},
 title = {Parallel Dictionaries in 2-3 Trees},
 issue_date = {July 1983},
 month = july,
 year = {1983},
 pages = {597--609},
 numpages = {13},
 url = {https://www.researchgate.net/publication/220897396_Parallel_Dictionaries_in_2-3_Trees},
 doi = {10.1007/BFb0036940},
 address = {Barcelona, Spain},
} 