%This reference is an example.

@article{S97,
 author = {Spencer, Thomas H.},
 title = {Time-work Tradeoffs for Parallel Algorithms},
 journal = {J. ACM},
 issue_date = {Sept. 1997},
 volume = {44},
 number = {5},
 month = sep,
 year = {1997},
 issn = {0004-5411},
 pages = {742--778},
 numpages = {37},
 url = {http://doi.acm.org/10.1145/265910.265923},
 doi = {10.1145/265910.265923},
 acmid = {265923},
 publisher = {ACM},
 address = {New York, NY, USA},
 keywords = {PRAM, breadth first search, nearby lists, shortest path, topological sort, transitive closure},
} 