%This reference is an example.

@article{UY91,
 author = {Ullman, Jeffrey D. and Yannakakis, Mihalis},
 title = {High-Probablility Parallel Transitive Closure Algorithms},
 journal = {SIAM Journal on Computing},
 issue_date = {Feb. 1991},
 volume = {20},
 number = {1},
 month = feb,
 year = {1991},
 pages = {100--125},
 numpages = {26},
 url = {http://search.proquest.com.ezproxy.lib.utexas.edu/docview/919734738?pq-origsite=summon},
 doi = {http://dx.doi.org/10.1137/0220006},
 keywords = {transitive closure, reachability, breadth-first search, parallel algoriths, probabilistic algorithms},
} 